<collection xmlns="http://www.loc.gov/MARC21/slim">
<record>
  <leader>01405nam0a22002531i 450 </leader>
  <controlfield tag="001">IT\ICCU\CNCE\053646</controlfield>
  <controlfield tag="005">20041213000000.0</controlfield>
  <datafield tag="012" ind1=" " ind2=" ">
    <subfield code="a">qov. r.m. amar cibe (3) 1523 (R)</subfield>
    <subfield code="2">fei</subfield>
  </datafield>
  <datafield tag="100" ind1=" " ind2=" ">
    <subfield code="a">20021203d1523        0itac0103    ba</subfield>
  </datafield>
  <datafield tag="101" ind1=" " ind2=" ">
    <subfield code="a">LAT</subfield>
  </datafield>
  <datafield tag="102" ind1=" " ind2=" ">
    <subfield code="a">IT</subfield>
  </datafield>
  <datafield tag="200" ind1="1" ind2=" ">
    <subfield code="a">Summa Rolandina artis notarie antiquiorum et maioris auctoritatis: a qua specu. Suas instrumentorum formas de verbo ad verbum extraxit. Per D. Petrum de Boaterijs ... declarata ...</subfield>
  </datafield>
  <datafield tag="210" ind1=" " ind2=" ">
    <subfield code="a">Venundantur Thaurini</subfield>
    <subfield code="c">in edibus Anthonij Ranoti ciuis Taurinensis</subfield>
    <subfield code="c">sub signo diui Christophori</subfield>
    <subfield code="e">Impressa Taurini</subfield>
    <subfield code="g">impresa &amp; in edibus no. do. Antonii Ranoti ciuis Taurinensi</subfield>
    <subfield code="h">1523</subfield>
    <subfield code="h">die XXVII Nouembris</subfield>
  </datafield>
  <datafield tag="215" ind1=" " ind2=" ">
    <subfield code="a">\12!, CXCVI c.</subfield>
    <subfield code="d">4ʻ</subfield>
  </datafield>
  <datafield tag="620" ind1=" " ind2=" ">
    <subfield code="a">IT</subfield>
    <subfield code="d">Torino</subfield>
  </datafield>
  <datafield tag="700" ind1=" " ind2="0">
    <subfield code="a">Rolandino</subfield>
    <subfield code="c"> : de&apos;#Passaggeri</subfield>
    <subfield code="3">IT\ICCU\CNCA\000001</subfield>
  </datafield>
  <datafield tag="712" ind1="0" ind2="0">
    <subfield code="a">Ranoto, Antonio</subfield>
    <subfield code="3">IT\ICCU\CNCT\000382</subfield>
    <subfield code="4">650</subfield>
  </datafield>
  <datafield tag="790" ind1=" " ind2="1">
    <subfield code="a">Orlandinus,</subfield>
    <subfield code="b">Rudulphinus</subfield>
    <subfield code="3">IT\ICCU\CNCA\006656</subfield>
    <subfield code="z">Rolandino : de&apos;#Passaggeri</subfield>
  </datafield>
  <datafield tag="790" ind1=" " ind2="0">
    <subfield code="a">Rolandinus Rodulphinus</subfield>
    <subfield code="3">IT\ICCU\CNCA\008154</subfield>
    <subfield code="z">Rolandino : de&apos;#Passaggeri</subfield>
  </datafield>
  <datafield tag="790" ind1=" " ind2="1">
    <subfield code="a">Passeggeri,</subfield>
    <subfield code="b">Rolandino : de&apos;</subfield>
    <subfield code="3">IT\ICCU\CNCA\014697</subfield>
    <subfield code="z">Rolandino : de&apos;#Passaggeri</subfield>
  </datafield>
  <datafield tag="790" ind1=" " ind2="1">
    <subfield code="a">Rudolphinus de Passageriis,</subfield>
    <subfield code="b">Rolandinus</subfield>
    <subfield code="3">IT\ICCU\CNCA\015181</subfield>
    <subfield code="z">Rolandino : de&apos;#Passaggeri</subfield>
  </datafield>
  <datafield tag="790" ind1=" " ind2="1">
    <subfield code="a">Passaggeri,</subfield>
    <subfield code="b">Rolandino</subfield>
    <subfield code="3">IT\ICCU\CNCA\023840</subfield>
    <subfield code="z">Rolandino : de&apos;#Passaggeri</subfield>
  </datafield>
  <datafield tag="791" ind1="0" ind2="0">
    <subfield code="a">Ranotus, Antonius</subfield>
    <subfield code="3">IT\ICCU\CNCT\005306</subfield>
    <subfield code="z">Ranoto, Antonio</subfield>
  </datafield>
  <datafield tag="801" ind1=" " ind2="3">
    <subfield code="a">IT</subfield>
    <subfield code="b">ICCU</subfield>
    <subfield code="c">20201115</subfield>
  </datafield>
</record>
</collection>
